%% This BibTeX bibliography file was created using BibDesk.
%% https://bibdesk.sourceforge.io/

%% Created for Tiago Marques at 2021-04-07 14:48:44 +0100 


%% Saved with string encoding Unicode (UTF-8) 



@article{nowak,
	author = {Glen J Nowak and Joseph Phelps},
	date-added = {2021-04-07 14:42:21 +0100},
	date-modified = {2021-04-07 14:48:43 +0100},
	journal = {Journal of Current Issues and Research in Advertising},
	number = {3},
	pages = {159-72},
	title = {Conceptualizing the integrated marketing communications phenomenon: an examination of its impacts on advertising practices ans its implications for advertising research},
	volume = {16},
	year = {1995}}

@book{algo,
	author = {Frank Pasquale},
	date-added = {2021-04-02 00:08:39 +0100},
	date-modified = {2021-04-02 00:10:55 +0100},
	publisher = {Harvard University Press},
	title = {The Black Box Society: The Secret Algorithms That Control Money and Informatio},
	year = {2015}}

@unpublished{hft,
	author = {Donald MacKenzie},
	date-added = {2021-04-02 00:00:27 +0100},
	date-modified = {2021-04-02 00:04:52 +0100},
	note = {Working Paper},
	title = {A Sociology of Algorithms: High-Frequency Trading and the Shaping of Markets},
	year = {2014}}

@book{adornohork,
	author = {Max Horkheimer and Thedor Adorno},
	date-added = {2021-04-01 22:02:08 +0100},
	date-modified = {2021-04-01 22:05:45 +0100},
	publisher = {Stanford University Press},
	title = {Dialectic of Enlighment},
	year = {1947}}

@book{zucked,
	author = {Roger McNamee},
	date-added = {2021-04-01 21:57:06 +0100},
	date-modified = {2021-04-01 21:58:46 +0100},
	publisher = {Penguin Books},
	title = {Zucked: Waking Up to the Facebook Catastrophe},
	year = {2019}}

@book{evil,
	author = {Rana Foroohar},
	date-added = {2021-04-01 21:50:41 +0100},
	date-modified = {2021-04-01 21:53:26 +0100},
	publisher = {Penguin Books},
	title = {Don't be Evil: The Case Against Big Tech},
	year = {2019}}

@book{clow,
	author = {Kenneth E Clow and Donald E Baack},
	date-added = {2021-03-12 22:51:43 +0000},
	date-modified = {2021-03-12 22:54:38 +0000},
	edition = {4},
	editor = {Upper Saddle River},
	publisher = {NJ: Pearson Prentice Hall},
	title = {Integrated Advertising, Promotion And Marketing Communications},
	year = {2011}}

@book{kliatchko,
	author = {Jerry G Kliatchko},
	date-added = {2021-03-12 21:48:32 +0000},
	date-modified = {2021-03-12 22:48:24 +0000},
	publisher = {Cambridge School Publishing},
	title = {Integrated Marketing Communication: Putting the Human Person at the Core},
	year = {2020}}

@book{mcluhan,
	author = {Marshall McLuhan},
	date-added = {2021-03-12 19:15:42 +0000},
	date-modified = {2021-03-12 19:16:33 +0000},
	publisher = {McGraw-Hilll},
	title = {Understanding Media: The Extensions of Man},
	year = {1964}}

@article{kitchen,
	author = {Philip J. Kitchen and Joanne Brignell and Tao Li and Graham Spickett Jones},
	date-added = {2021-03-12 11:58:51 +0000},
	date-modified = {2021-03-12 12:20:36 +0000},
	journal = {Journal of Advertising Research},
	number = {1},
	pages = {19-30},
	title = {The Emergence Of IMC: A Theoretical Perspective},
	volume = {44},
	year = {2004}}

@book{duncan,
	author = {Tom R Duncan and Francis Mulhern},
	date-added = {2021-03-12 11:52:02 +0000},
	date-modified = {2021-03-12 11:58:03 +0000},
	publisher = {McGrawHilll},
	title = {A white paper on the status, scope and future of IMC},
	year = {2004}}

@article{schultz,
	author = {Don E Schultz and Heidi F Shultz},
	date-added = {2021-03-12 11:46:16 +0000},
	date-modified = {2021-03-12 11:50:38 +0000},
	journal = {Journal of Marketing Communications},
	number = {1},
	pages = {9-26},
	title = {Transitioning marketing communication into the twenty-first century},
	volume = {3},
	year = {1998}}

@article{ananda,
	author = {Artha Sejati Ananda and Angel Hernandez-Garcia and Lucio Lamberti},
	date-added = {2021-03-12 11:42:00 +0000},
	date-modified = {2021-03-12 12:18:04 +0000},
	journal = {Journal of Innovation and Knowledge},
	number = {3},
	pages = {170-180},
	title = {N-REL: A comprehensive framework of social media marketing strategic actions for marketing organizations},
	volume = {1},
	year = {2016}}

@article{solomon,
	author = {Margaret Bruce and Michael Robert Solomon},
	date-added = {2021-03-12 11:39:49 +0000},
	date-modified = {2021-03-12 11:41:00 +0000},
	journal = {The Journal of Marketing Theory and Practice},
	number = {3},
	pages = {307-318},
	title = {Managing for Media Anarchy: A Corporate Marketing Perspective},
	volume = {21},
	year = {2013}}

@article{valos,
	annote = {
},
	author = {Michael J. Valos and Vanya Louise Maplestone and Michael Jay Polonsky and Mike Ewing},
	date-added = {2021-03-12 11:26:54 +0000},
	date-modified = {2021-03-12 12:20:17 +0000},
	journal = {Journal of Marketing Management,},
	number = {17-18},
	pages = {1522-1558},
	title = {Integrating social media within an integrated marketing communication decision-making framework},
	volume = {33},
	year = {2017}}

@book{smith,
	address = {London},
	author = {Paul Russell Smith and Chris Berry and Alan Pulford},
	date-added = {2021-03-09 23:54:17 +0000},
	date-modified = {2021-03-10 00:09:44 +0000},
	editor = {Kogan Page},
	publisher = {Kogan Page Publishers},
	title = {Strategic Marketing Communications},
	year = {1997}}

@article{hossain,
	author = {Md. Manik Hossain and Saiful Kabir and Rezwanul Islam Rezvi},
	date-added = {2021-03-07 01:09:32 +0000},
	date-modified = {2021-03-10 00:11:03 +0000},
	journal = {Australian Journal of Business Science Design & Literature},
	keywords = {Integrated marketing communication, Brand orientation, Market orientation.},
	number = {1},
	title = {Influence of the Integrated Marketing Communication on Brand Orientation and Market Orientation: A Literature Review},
	volume = {10},
	year = {2017}}

@article{jerry,
	author = {Jerry Kliatchko},
	date-added = {2021-03-07 01:04:43 +0000},
	date-modified = {2021-03-12 12:08:56 +0000},
	title = {IMC 20 years after: A second look at IMC definitions}}

@article{justdoit,
	author = {Nyilasy},
	date-added = {2021-03-07 01:02:26 +0000},
	date-modified = {2021-03-07 01:04:09 +0000},
	journal = {European Journal of Marketing},
	keywords = {ntegrated marketing communications, Practice, Practice Theory, Organizational behaviour, Marketing planning, Retail marketing},
	title = {Just doing it: Theorising Integrated Marketing Communications (IMC) practices},
	year = {2017}}

@article{holm,
	author = {Olof Holm},
	date-added = {2021-03-07 00:53:22 +0000},
	date-modified = {2021-03-07 00:55:26 +0000},
	journal = {Stockholm University School of Business},
	keywords = {Marketing communications, Marketing strategy, Competitive strategy, Sweden},
	number = {1},
	pages = {23-33},
	title = {Integrated marketing communication: from tactics to strategy},
	volume = {11},
	year = {2006},
	Bdsk-File-1 = {YnBsaXN0MDDSAQIDBFxyZWxhdGl2ZVBhdGhZYWxpYXNEYXRhXxAjLi4vUmVzb3VyY2VzL2ZyYW1ld29yay9ob2xtMjAwNi5wZGZPEQFyAAAAAAFyAAIAAAxNYWNpbnRvc2ggSEQAAAAAAAAAAAAAAAAAAAAAAAAAQkQAAf////8MaG9sbTIwMDYucGRmAAAAAAAAAAAAAAAAAAAAAAAAAAAAAAAAAAAAAAAAAAAAAAAAAAAAAAAAAAAAAAAAAAAA/////wAAAAAAAAAAAAAAAAABAAMAAAogY3UAAAAAAAAAAAAAAAAACWZyYW1ld29yawAAAgA9LzpVc2Vyczp0aWFnb21hcnF1ZXM6RGVza3RvcDpSZXNvdXJjZXM6ZnJhbWV3b3JrOmhvbG0yMDA2LnBkZgAADgAaAAwAaABvAGwAbQAyADAAMAA2AC4AcABkAGYADwAaAAwATQBhAGMAaQBuAHQAbwBzAGgAIABIAEQAEgA7VXNlcnMvdGlhZ29tYXJxdWVzL0Rlc2t0b3AvUmVzb3VyY2VzL2ZyYW1ld29yay9ob2xtMjAwNi5wZGYAABMAAS8AABUAAgAT//8AAAAIAA0AGgAkAEoAAAAAAAACAQAAAAAAAAAFAAAAAAAAAAAAAAAAAAABwA==}}

@comment{BibDesk Static Groups{
<?xml version="1.0" encoding="UTF-8"?>
<!DOCTYPE plist PUBLIC "-//Apple//DTD PLIST 1.0//EN" "http://www.apple.com/DTDs/PropertyList-1.0.dtd">
<plist version="1.0">
<array>
	<dict>
		<key>group name</key>
		<string>Review</string>
		<key>keys</key>
		<string>jerry,holm,justdoit,hossain,smith,valos,solomon,ananda,schultz,duncan,kitchen,mcluhan,kliatchko,clow,evil,zucked,adornohork,hft,algo,nowak</string>
	</dict>
</array>
</plist>
}}
